@article{Ray2022,
  author       = {Aripita Ray and Chandreyee Chowdhury and Subhayan Bhattacharya and Sarbani Roy},
  date         = {2022},
  journaltitle = {CCF Transactions on Pervasive Computing and Interaction},
  title        = {A survey of mobile crowdsensing and crowdsourcing strategies for smart mobile device users},
  groups       = {Theoretischer Hintergrund}
}

@article{Ganti2011,
  author       = {Raghu K. Ganti and Fan Ye and Hui Lei},
  date         = {2011},
  journaltitle = {The Internet of Things},
  title        = {Mobile Crowdsensing: Current State and Future Challenges},
  groups       = {Theoretischer Hintergrund},
  ranking      = {rank5}
}

@article{Burke2006,
  author = {Burke, Jeffrey A and Estrin, Deborah and Hansen, Mark and Parker, Andrew and Ramanathan, Nithya and Reddy, Sasank and Srivastava, Mani B},
  title  = {Participatory sensing},
  groups = {Theoretischer Hintergrund},
  year   = {2006}
}

@article{Lane2010,
  author    = {Lane, Nicholas D and Miluzzo, Emiliano and Lu, Hong and Peebles, Daniel and Choudhury, Tanzeem and Campbell, Andrew T},
  title     = {A survey of mobile phone sensing},
  number    = {9},
  pages     = {140--150},
  volume    = {48},
  groups    = {Theoretischer Hintergrund},
  journal   = {IEEE Communications magazine},
  publisher = {IEEE},
  year      = {2010}
}

@article{Howe2006,
  title   = {The rise of crowdsourcing},
  author  = {Howe, Jeff and others},
  journal = {Wired magazine},
  volume  = {14},
  number  = {6},
  pages   = {176--183},
  year    = {2006}
}

@article{Wang2019,
  author  = {Wang, Yingjie and Cai, Zhipeng and Zhan, Zhi-Hui and Gong, Yue-Jiao and Tong, Xiangrong},
  journal = {IEEE Transactions on Computational Social Systems},
  title   = {An Optimization and Auction-Based Incentive Mechanism to Maximize Social Welfare for Mobile Crowdsourcing},
  year    = {2019},
  volume  = {6},
  number  = {3},
  pages   = {414-429},
  doi     = {10.1109/TCSS.2019.2907059}
}

@book{Heinrich2014,
  title     = {Wirtschaftsinformatik-Lexikon},
  author    = {Heinrich, L.J. and Heinzl, A. and Roithmayr, F.},
  isbn      = {3486275402},
  year      = {2004},
  publisher = {Oldenbourg Wissenschaftsverlag GmbH}
}

@online{Ministerium2021,
  author     = {{Ministerium für Umwelt, Klima und Energiewirtschaft Baden-Württemberg}},
  file       = {},
  langid     = {german},
  month      = nov,
  note       = {},
  title      = {Projekt \enquote{Crowdsensing} für Bodensee Online},
  titleaddon = {},
  url        = {https://um.baden-wuerttemberg.de/de/umwelt-natur/nachhaltigkeit/nachhaltige-digitalisierung/projekte/crowdsensing-bodensee/},
  urldate    = {2023-10-04},
  year       = {2021},
  bdsk-url-1 = {}
}

@online{Bodensee2021,
  author     = {{ISB AG} and {Fraunhofer-Institut für Optronik, Systemtechnik und Bildauswertung} and {Ingenieurgesellschaft Prof. Kobus und Partner GmbH}},
  file       = {},
  langid     = {german},
  month      = jul,
  note       = {},
  title      = {Das Projekt \enquote{CrowdSensing für Bodensee Online}},
  titleaddon = {Erfahrungsbericht der Projektbeteiligten},
  url        = {https://um.baden-wuerttemberg.de/fileadmin/redaktion/m-um/intern/Dateien/Dokumente/3_Umwelt/Nachhaltigkeit_und_Umweltbildung/Digitalisierung/CrowdSensing-fuer-Bodensee-Online-Zusammenfassung.pdf},
  urldate    = {2023-10-04},
  year       = {2021},
  bdsk-url-1 = {}
}

@inproceedings{Pryss2017,
  title={Mobile crowdsensing for the juxtaposition of realtime assessments and retrospective reporting for neuropsychiatric symptoms},
  author={Pryss, R{\"u}diger and Probst, Thomas and Schlee, Winfried and Schobel, Johannes and Langguth, Berthold and Neff, Patrick and Spiliopoulou, Myra and Reichert, Manfred},
  booktitle={2017 IEEE 30th International Symposium on Computer-Based Medical Systems (CBMS)},
  pages={642--647},
  year={2017},
  organization={IEEE}
}

@article{langguth2011review,
  title={A review of tinnitus symptoms beyond ‘ringing in the ears’: a call to action},
  author={Langguth, Berthold},
  journal={Current medical research and opinion},
  volume={27},
  number={8},
  pages={1635--1643},
  year={2011},
  publisher={Taylor \& Francis}
}

@inproceedings{pryss2015mobile,
  title={Mobile crowd sensing services for tinnitus assessment, therapy, and research},
  author={Pryss, R{\"u}diger and Reichert, Manfred and Langguth, Berthold and Schlee, Winfried},
  booktitle={2015 IEEE international conference on mobile services},
  pages={352--359},
  year={2015},
  organization={IEEE}
}

@article{ieee2004,
  title={SWEBOK: Guide to the Software Engineering Body of Knowledge, 2004 version},
  author={IEEE Computer Society Professional Practices Committee and others},
  journal={IEEE Computer Society},
  year={2004}
}

@inproceedings{institute1984ieee,
  title={IEEE guide to software requirements specifications: approved September 22, 1983, IEEE Standards Board; approved July 20, 1984, American National Standards Institute},
  author={Institute of Electrical and Electronics Engineers},
  year={1984},
  organization={Inst. of Electrical and Electronics Engineers}
}

@online{Siepermann2018,
  author     = {Siepermann, Markus},
  file       = {},
  langid     = {german},
  month      = feb,
  note       = {},
  title      = {Agile Softwareentwicklung},
  titleaddon = {},
  url        = {https://wirtschaftslexikon.gabler.de/definition/agile-softwareentwicklung-53460/version-276549},
  urldate    = {2023-10-04},
  year       = {2018},
  bdsk-url-1 = {}
}

@Comment{jabref-meta: databaseType:biblatex;}

@Comment{jabref-meta: grouping:
0 AllEntriesGroup:;
1 StaticGroup:Einleitung\;0\;1\;0x8a8a8aff\;\;\;;
1 StaticGroup:Theoretischer Hintergrund\;0\;1\;0x8a8a8aff\;\;\;;
1 StaticGroup:Konzept\;0\;1\;0x8a8a8aff\;\;\;;
1 StaticGroup:Anforderungsanalyse\;0\;1\;0x8a8a8aff\;\;\;;
1 StaticGroup:User Stories\;0\;1\;0x8a8a8aff\;\;\;;
1 StaticGroup:Implementierung und Design\;0\;1\;0x8a8a8aff\;\;\;;
1 StaticGroup:Diskussion und Evaluation\;0\;1\;0x8a8a8aff\;\;\;;
1 StaticGroup:Fazit und Ausblick\;0\;1\;0x8a8a8aff\;\;\;;
}
